%% This BibTeX bibliography file was created using BibDesk.
%% http://bibdesk.sourceforge.net/

%% Created for Tony Zhang at 2017-05-17 01:44:50 -0400 


%% Saved with string encoding Unicode (UTF-8) 



@webpage{stjohnapplet,
	Author = {Audrey~Lee},
	Date-Added = {2017-05-17 05:38:42 +0000},
	Date-Modified = {2017-05-17 05:44:50 +0000},
	Lastchecked = {{May 17, 2017}},
	Note = {Available at \url{http://minerva.cs.mtholyoke.edu/demos/pebbleGames/2dbarjoint.php}},
	Title = {{2D Pebble Game Demo}},
	Url = {http://minerva.cs.mtholyoke.edu/demos/pebbleGames/2dbarjoint.php},
	Urldate = {May 17, 2017},
	Year = {2017}}

@article{jacobs97,
	Author = {Donald J. Jacobs and Bruce Hendrickson},
	Doi = {http://dx.doi.org/10.1006/jcph.1997.5809},
	Issn = {0021-9991},
	Journal = {Journal of Computational Physics},
	Number = {2},
	Pages = {346 - 365},
	Title = {An Algorithm for Two-Dimensional Rigidity Percolation: The Pebble Game},
	Url = {http://www.sciencedirect.com/science/article/pii/S0021999197958095},
	Volume = {137},
	Year = {1997},
	Bdsk-Url-1 = {http://www.sciencedirect.com/science/article/pii/S0021999197958095},
	Bdsk-Url-2 = {http://dx.doi.org/10.1006/jcph.1997.5809}}

@article{lee08,
	Author = {Audrey Lee and Ileana Streinu},
	Doi = {https://doi.org/10.1016/j.disc.2007.07.104},
	Issn = {0012-365X},
	Journal = {Discrete Mathematics},
	Keywords = {Rigidity},
	Note = {Third European Conference on Combinatorics---Graph Theory and Applications},
	Number = {8},
	Pages = {1425 - 1437},
	Title = {Pebble game algorithms and sparse graphs},
	Url = {http://www.sciencedirect.com/science/article/pii/S0012365X07005602},
	Volume = {308},
	Year = {2008},
	Bdsk-Url-1 = {http://www.sciencedirect.com/science/article/pii/S0012365X07005602},
	Bdsk-Url-2 = {https://doi.org/10.1016/j.disc.2007.07.104}}
